%! Author = breandan
%! Date = 2/22/21

@article{ellis2019write,
    title={Write, execute, assess: Program synthesis with a {REPL}},
    author={Ellis, Kevin and Nye, Maxwell and Pu, Yewen and Sosa, Felix and Tenenbaum, Josh and Solar-Lezama, Armando},
    journal={arXiv preprint arXiv:1906.04604},
    year={2019}
}

@misc{considine2019gympc,
    authors = {Considine, Breandan and Gastellu, Nicolas and Rosenblitt, Jared and Simine, Yelina},
    title = {gym-pc for {OpenAI Gym}},
    year = {2019},
    publisher = {GitHub},
    journal = {GitHub repository},
    howpublished = {https://github.com/breandan/gym-pc},
}

@article{urma2013expressive,
    title={Expressive and Scalable Source Code Queries with Graph Databases},
    author={Urma, Raoul-Gabriel and Mycroft, Alan},
    year={2013}
}

% http://fivedots.coe.psu.ac.th/~ad/landmarks/index.html

@article{davison2005searching,
    title={Searching Semi-Structured Data Using Landmarks},
    author={Davison, Andrew},
    year = {2005},
    url = {http://fivedots.coe.psu.ac.th/~ad/landmarks/landmarks.pdf},
}

@article{guo2020interactive,
    title={Interactive Fiction Game Playing as Multi-Paragraph Reading Comprehension with Reinforcement Learning},
    author={Guo, Xiaoxiao and Yu, Mo and Gao, Yupeng and Gan, Chuang and Campbell, Murray and Chang, Shiyu},
    journal={arXiv preprint arXiv:2010.02386},
    year={2020},
    url = {https://arxiv.org/pdf/2010.02386.pdf},
}

@article{welbl2018constructing,
    title={Constructing datasets for multi-hop reading comprehension across documents},
    author={Welbl, Johannes and Stenetorp, Pontus and Riedel, Sebastian},
    journal={Transactions of the Association for Computational Linguistics},
    volume={6},
    pages={287--302},
    year={2018},
    publisher={MIT Press},
    url = {https://www.mitpressjournals.org/doi/pdf/10.1162/tacl_a_00021},
}

@article{he2015deep,
    title={Deep reinforcement learning with a natural language action space},
    author={He, Ji and Chen, Jianshu and He, Xiaodong and Gao, Jianfeng and Li, Lihong and Deng, Li and Ostendorf, Mari},
    journal={arXiv preprint arXiv:1511.04636},
    year={2015},
    url = {https://arxiv.org/pdf/1511.04636.pdf},
}

@article{narasimhan2015language,
    title={Language understanding for text-based games using deep reinforcement learning},
    author={Narasimhan, Karthik and Kulkarni, Tejas and Barzilay, Regina},
    journal={arXiv preprint arXiv:1506.08941},
    year={2015},
    url = {https://arxiv.org/pdf/1506.08941.pdf},
}

@article{ammanabrolu2018playing,
    title={Playing text-adventure games with graph-based deep reinforcement learning},
    author={Ammanabrolu, Prithviraj and Riedl, Mark O},
    journal={arXiv preprint arXiv:1812.01628},
    year={2018},
    url = {https://arxiv.org/pdf/1812.01628.pdf},
}

@article{ammanabrolu2020graph,
    title={Graph constrained reinforcement learning for natural language action spaces},
    author={Ammanabrolu, Prithviraj and Hausknecht, Matthew},
    journal={arXiv preprint arXiv:2001.08837},
    year={2020},
    url = {https://arxiv.org/pdf/2001.08837.pdf},
}

@article{johnson2020learning,
    title={Learning graph structure with a finite-state automaton layer},
    author={Johnson, Daniel D and Larochelle, Hugo and Tarlow, Daniel},
    journal={arXiv preprint arXiv:2007.04929},
    year={2020},
    url = {https://arxiv.org/pdf/2007.04929.pdf},
}

@inproceedings{chen2020program,
    title={Program Synthesis Using Deduction-Guided Reinforcement Learning},
    author={Chen, Yanju and Wang, Chenglong and Bastani, Osbert and Dillig, Isil and Feng, Yu},
    booktitle={International Conference on Computer Aided Verification},
    pages={587--610},
    year={2020},
    organization={Springer},
    url = {https://link.springer.com/chapter/10.1007/978-3-030-53291-8_30},
}

@article{walke2020learning,
    title={Learning to Infer Shape Programs Using Latent Execution Self Training},
    author={Walke, Homer and Jones, R Kenny and Ritchie, Daniel},
    journal={arXiv preprint arXiv:2011.13045},
    year={2020},
    url = {https://arxiv.org/pdf/2011.13045.pdf},
}

@article{allamanis2017learning,
    title={Learning to represent programs with graphs},
    author={Allamanis, Miltiadis and Brockschmidt, Marc and Khademi, Mahmoud},
    journal={arXiv preprint arXiv:1711.00740},
    year={2017},
    url = {https://arxiv.org/pdf/1711.00740.pdf},
}

@article{buck2017ask,
    title={Ask the right questions: Active question reformulation with reinforcement learning},
    author={Buck, Christian and Bulian, Jannis and Ciaramita, Massimiliano and Gajewski, Wojciech and Gesmundo, Andrea and Houlsby, Neil and Wang, Wei},
    journal={arXiv preprint arXiv:1705.07830},
    year={2017},
    url = {https://arxiv.org/pdf/1705.07830.pdf},
}

@article{chen2019reinforcement,
    title={Reinforcement learning based graph-to-sequence model for natural question generation},
    author={Chen, Yu and Wu, Lingfei and Zaki, Mohammed J},
    journal={arXiv preprint arXiv:1908.04942},
    year={2019},
    url = {https://arxiv.org/pdf/1908.04942.pdf},
}
