%! Author = breandan
%! Date = 11/21/20

@misc{considine2019kotlingrad,
    author = {Considine, Breandan and Famelis, Michalis and Paull, Liam},
    title = {{Kotlin$\nabla$: A Shape-Safe e{DSL} for Differentiable Programming}},
    year = {2019},
    publisher = {GitHub},
    journal = {GitHub repository},
    howpublished = {\url{https://github.com/breandan/kotlingrad}},
}

@mastersthesis{considine2019programming,
    title = {{Programming Tools for Intelligent Systems}},
    author = {Considine, Breandan},
    year = {2019},
    school = {Universit{\'e} de Montr{\'e}al},
    url = {https://ndan.co/public/masters_thesis.pdf}
}

@inproceedings{hindle2012naturalness,
    title={On the naturalness of software},
    author={Hindle, Abram and Barr, Earl T and Su, Zhendong and Gabel, Mark and Devanbu, Premkumar},
    booktitle={2012 34th International Conference on Software Engineering (ICSE)},
    pages={837--847},
    year={2012},
    organization={IEEE},
    url = {https://doi.org/10.1145/2902362},
}

@article{allamanis2018survey,
    title={A survey of machine learning for big code and naturalness},
    author={Allamanis, Miltiadis and Barr, Earl T and Devanbu, Premkumar and Sutton, Charles},
    journal={ACM Computing Surveys (CSUR)},
    volume={51},
    number={4},
    pages={1--37},
    year={2018},
    publisher={ACM New York, NY, USA},
    url = {https://arxiv.org/pdf/1709.06182.pdf},
}

@misc{pierce2010software,
    author={Pierce, Benjamin C and Casinghino, Chris and Gaboardi, Marco and Greenberg, Michael and Hri{\c{t}}cu, C{\u{a}}t{\u{a}}lin and Sj{\"o}berg, Vilhelm and Yorgey, Brent},
    title={{Software Foundations}},
    howpublished={\url{https://softwarefoundations.cis.upenn.edu}},
    year={2020}
}

@book{baader1999term,
    title={Term Rewriting and All That},
    author={Baader, F. and Nipkow, T.},
    isbn={9780521779203},
    lccn={97028286},
    series={Term Rewriting and All that},
    url={https://books.google.ca/books?id=N7BvXVUCQk8C},
    year={1999},
    publisher={Cambridge University Press}
}

@InProceedings{felleisen1990expressive,
    author="Felleisen, Matthias",
    editor="Jones, Neil",
    title="On the expressive power of programming languages",
    booktitle="ESOP '90",
    year="1990",
    publisher="Springer Berlin Heidelberg",
    address="Berlin, Heidelberg",
    pages="134--151",
    isbn="978-3-540-47045-8",
    url = {https://doi.org/10.1007/3-540-52592-0_60},
}
