@article{demillo1979social,
    author = {De Millo, Richard A. and Lipton, Richard J. and Perlis, Alan J.},
    title = {Social Processes and Proofs of Theorems and Programs},
    year = {1979},
    issue_date = {May 1979},
    publisher = {Association for Computing Machinery},
    address = {New York, NY, USA},
    volume = {22},
    number = {5},
    issn = {0001-0782},
    url = {https://doi.org/10.1145/359104.359106},
    doi = {10.1145/359104.359106},
    journal = {Commun. ACM},
    month = {may},
    pages = {271â€“280},
    numpages = {10},
}

@article{hindle2016naturalness,
    title={On the naturalness of software},
    author={Hindle, Abram and Barr, Earl T and Gabel, Mark and Su, Zhendong and Devanbu, Premkumar},
    journal={Communications of the ACM},
    volume={59},
    number={5},
    pages={122--131},
    year={2016},
    publisher={ACM New York, NY, USA}
}